%% This BibTeX bibliography file was created using BibDesk.
%% http://www.cs.ucsd.edu/~mmccrack/bibdesk.html


%% Created for John Chodera at 2008-07-30 09:52:43 -0700 

@article{craik:science:2009:trapping-moving-targets,
	Title = {Trapping moving targets with small molecules},
	Author = {Gregory M. Lee and Charles S. Craik},
	Journal = {Science},
	Volume = {324},
	Pages = {213},
	Year = {2009}}
	
@article{eastman:jctc:2012:openmm,
  title={{OpenMM} 4: A Reusable, Extensible, Hardware Independent Library for High Performance Molecular Simulation},
  author={Eastman, Peter and Friedrichs, Mark S and Chodera, John D and Radmer, Randall J and Bruns, Christopher M and Ku, Joy P and Beauchamp, Kyle A and Lane, Thomas J and Wang, Lee-Ping and Shukla, Diwakar and Pande, V. S.},
  journal={J. Chem. Theory Comput.},
  volume={9},
  number={1},
  pages={461--469},
  year={2012}
}

@article{walker:jctc:2013:amber-gpu,
  title={Routine microsecond molecular dynamics simulations with {AMBER} on {GPUs}. 2. Explicit solvent particle mesh {Ewald}},
  author={Romelia Salomon-Ferrer and Andreas W. G\"{o}tz and Duncan Poole and Scott Le Grand and Ross C. Walker},
  journal={J. Chem. Theor. Comput.},
  volume={9},
  number={9},
  pages={3878--3888},
  year={2013}
  }
  
  @article{noe:jcp:2010:msm-review,
	Title = {Markov models of molecular kinetics: Generation and validation},
	Author = {Jan-Hendrik Prinz and Hao Wu and Marco Sarich and Bettina Keller and Martin Fischbach and Martin Held and John D. Chodera and Christof Sch\"{u}tte and Frank No\'{e}},
	Journal = {J. Chem. Phys.},
	Volume = {134},
	Pages = {174105},
	Year = {2011}}
	
@article{pande-beauchamp-bowman:2010:methods:markov-model-review,
	Title = {Everything you wanted to know about {Markov State Models} but were afraid to ask},
	Author = {Vijay S. Pande and Kyle Beauchamp and Gregory R. Bowman},
	Journal = {Methods},
	Volume = {52},
	Pages = {99--105},
	Year = {2010}}
	
@article{chodera-noe:curr-opin-struct-biol:2014:msm-review,
	Title = {Markov state models of biomolecular conformational dynamics},
	Author = {John D. Chodera and Frank No\'{e}},
	Journal = {Curr. Opin. Struct. Biol.},
	Volume = {25},
	Pages = {135--144},
	Year = {2014}}

