%% This BibTeX bibliography file was created using BibDesk.
%% http://www.cs.ucsd.edu/~mmccrack/bibdesk.html


%% Created for John Chodera at 2008-07-30 09:52:43 -0700 


%%% Saved with string encoding Unicode (UTF-8) 
%
%%% Kinetics from ITC
%
%@article{bonini:jpcb:2008:kinetics-from-itc,
%    Author = {Markus Nilsson and Artur J. M. Valente and Gerd Olofsson and Olle S\"{o}derman and Massimo Bonini},
%    Title = {Thermodynamic and kinetic characterization of host-guest association between bolaform surfactants and $\alpha$- and $\beta$-cyclodextrins},
%    Journal = {J. Phys. Chem. B},
%    Volume = {112},
%    Pages = {11310--11316},
%    Year = {2008}}
